<?xml version="1.0" encoding="UTF-8"?><collection xmlns="http://www.loc.gov/MARC21/slim"><record><leader>00369nam--2200121-i-4500</leader><controlfield tag="001">000047655</controlfield><controlfield tag="002">20161230</controlfield><controlfield tag="005">20161230201046</controlfield><controlfield tag="008">060222s1000------------r-----000-0-eng-d</controlfield><datafield ind1=" " ind2=" " tag="080"><subfield code="a">061.62(083.81)</subfield></datafield><datafield ind1=" " ind2=" " tag="245"><subfield code="a">The world of learning, 1973-1974. vol.2. laos-zambia. index. twenty-fourth edition</subfield></datafield><datafield ind1=" " ind2=" " tag="260"><subfield code="a">London, Europa Publ. Ltd., 1973, Xiv +/-941-1958/P</subfield></datafield><datafield ind1=" " ind2=" " tag="852"><subfield code="a">D.1352</subfield></datafield></record></collection>